@misc{featureBasedAlignment,
  author = {Satya Mallick},
  title ={Image Alignment (Feature Based) using OpenCV (C++/Python)},
  howpublished = {\url{https://www.learnopencv.com/image-alignment-feature-based-using-opencv-c-python/}},
  note = {Accessed:MARCH 11, 2018}
}

@misc{ECC_Alignment,
  author = {Satya Mallick},
  title = {Image Alignment (ECC) in OpenCV ( C++ / Python )},
  howpublished = {\url{https://www.learnopencv.com/image-alignment-ecc-in-opencv-c-python/}},
  note = {Accessed:JULY 1, 2015}
}

% below are imported from google scholor
@article{van2004fast,
  title={A fast expected time algorithm for the 2-D point pattern matching problem},
  author={Van Wamelen, Paul B and Li, Z and Iyengar, SS},
  journal={Pattern Recognition},
  volume={37},
  number={8},
  pages={1699--1711},
  year={2004},
  publisher={Elsevier}
}

@article{flann_pami_2014,
  title={Scalable Nearest Neighbor Algorithms for High Dimensional Data},
  author={Marius Muja and David G. Lowe},
  journal={Pattern Analysis and Machine Intelligence, IEEE Transactions on},
  volume={36},
  year={2014},
  publisher={IEEE}
}

@inproceedings{Attach:binary_matching_crv2012,
    author    = {Marius Muja and David G. Lowe},
    title = {Fast Matching of Binary Features},
    booktitle = {Computer and Robot Vision {(CRV)}},
    year = {2012},
    pages = {404-410}
}

@article{karami2017image,
  title={Image matching using SIFT, SURF, BRIEF and ORB: Performance comparison for distorted images},
  author={Karami, Ebrahim and Prasad, Siva and Shehata, Mohamed},
  journal={arXiv preprint arXiv:1710.02726},
  year={2017}
}

@inproceedings{putera2010printed,
  title={Printed circuit board defect detection using mathematical morphology and MATLAB image processing tools},
  author={Putera, SH Indera and Ibrahim, Z},
  booktitle={Education Technology and Computer (ICETC), 2010 2nd International Conference on},
  volume={5},
  pages={V5--359},
  year={2010},
  organization={IEEE}
}

@article{kumar2008computer,
  title={Computer-vision-based fabric defect detection: A survey},
  author={Kumar, Ajay},
  journal={IEEE transactions on industrial electronics},
  volume={55},
  number={1},
  pages={348--363},
  year={2008},
  publisher={IEEE}
}

@article{muja2009fast,
  title={Fast approximate nearest neighbors with automatic algorithm configuration.},
  author={Muja, Marius and Lowe, David G},
  journal={VISAPP (1)},
  volume={2},
  number={331-340},
  pages={2},
  year={2009}
}

@article{kumar2014survey,
  title={A survey on image feature descriptors},
  author={Kumar, Rekhil M and Sreekumar, K},
  journal={Comput Elect Eng},
  volume={5},
  number={6},
  pages={7847--7850},
  year={2014}
}

@inproceedings{bekele2013evaluation,
  title={Evaluation of binary keypoint descriptors},
  author={Bekele, Dagmawi and Teutsch, Michael and Schuchert, Tobias},
  booktitle={Image Processing (ICIP), 2013 20th IEEE International Conference on},
  pages={3652--3656},
  year={2013},
  organization={IEEE}
}

@inproceedings{bay2006surf,
  title={Surf: Speeded up robust features},
  author={Bay, Herbert and Tuytelaars, Tinne and Van Gool, Luc},
  booktitle={European conference on computer vision},
  pages={404--417},
  year={2006},
  organization={Springer}
}

@article{ng2003sift,
  title={SIFT: Predicting amino acid changes that affect protein function},
  author={Ng, Pauline C and Henikoff, Steven},
  journal={Nucleic acids research},
  volume={31},
  number={13},
  pages={3812--3814},
  year={2003},
  publisher={Oxford University Press}
}

@inproceedings{ke2004pca,
  title={PCA-SIFT: A more distinctive representation for local image descriptors},
  author={Ke, Yan and Sukthankar, Rahul},
  booktitle={Computer Vision and Pattern Recognition, 2004. CVPR 2004. Proceedings of the 2004 IEEE Computer Society Conference on},
  volume={2},
  pages={II--II},
  year={2004},
  organization={IEEE}
}

@inproceedings{rublee2011orb,
  title={ORB: An efficient alternative to SIFT or SURF},
  author={Rublee, Ethan and Rabaud, Vincent and Konolige, Kurt and Bradski, Gary},
  booktitle={Computer Vision (ICCV), 2011 IEEE international conference on},
  pages={2564--2571},
  year={2011},
  organization={IEEE}
}

% below are templates

@article{article,
  author  = {Peter Adams}, 
  title   = {The title of the work},
  journal = {The name of the journal},
  year    = 1993,
  number  = 2,
  pages   = {201-213},
  month   = 7,
  note    = {An optional note}, 
  volume  = 4
}

@book{book,
  author    = {Peter Babington}, 
  title     = {The title of the work},
  publisher = {The name of the publisher},
  year      = 1993,
  volume    = 4,
  series    = 10,
  address   = {The address},
  edition   = 3,
  month     = 7,
  note      = {An optional note},
  isbn      = {3257227892}
}

@booklet{booklet,
  title        = {The title of the work},
  author       = {Peter Caxton}, 
  howpublished = {How it was published},
  address      = {The address of the publisher},
  month        = 7,
  year         = 1993,
  note         = {An optional note}
}

@conference{conference,
  author       = {Peter Draper}, 
  title        = {The title of the work},
  booktitle    = {The title of the book},
  year         = 1993,
  editor       = {The editor},
  volume       = 4,
  series       = 5,
  pages        = 213,
  address      = {The address of the publisher},
  month        = 7,
  organization = {The organization},
  publisher    = {The publisher},
  note         = {An optional note}  
}

@inbook{inbook,
  author       = {Peter Eston}, 
  title        = {The title of the work},
  chapter      = 8,
  pages        = {201-213},
  publisher    = {The name of the publisher},
  year         = 1993,
  volume       = 4,
  series       = 5,
  address      = {The address of the publisher},
  edition      = 3,
  month        = 7,
  note         = {An optional note}
}

@incollection{incollection,
  author       = {Peter Farindon}, 
  title        = {The title of the work},
  booktitle    = {The title of the book},
  publisher    = {The name of the publisher},
  year         = 1993,
  editor       = {The editor},
  volume       = 4,
  series       = 5,
  chapter      = 8,
  pages        = {201-213},
  address      = {The address of the publisher},
  edition      = 3,
  month        = 7,
  note         = {An optional note}
}

@manual{manual,
  title        = {The title of the work},
  author       = {Peter Gainsford}, 
  organization = {The organization},
  address      = {The address of the publisher},
  edition      = 3,
  month        = 7,
  year         = 1993,
  note         = {An optional note}
}

@mastersthesis{mastersthesis,
  author       = {Peter Harwood}, 
  title        = {The title of the work},
  school       = {The school of the thesis},
  year         = 1993,
  address      = {The address of the publisher},
  month        = 7,
  note         = {An optional note}
}

@misc{misc,
  author       = {Peter Isley}, 
  title        = {The title of the work},
  howpublished = {How it was published},
  month        = 7,
  year         = 1993,
  note         = {An optional note}
}

@phdthesis{phdthesis,
  author       = {Peter Joslin}, 
  title        = {The title of the work},
  school       = {The school of the thesis},
  year         = 1993,
  address      = {The address of the publisher},
  month        = 7,
  note         = {An optional note}
}

@proceedings{proceedings,
  title        = {The title of the work},
  year         = 1993,
  editor       = {Peter Kidwelly},
  volume       = 4,
  series       = 5,
  address      = {The address of the publisher},
  month        = 7,
  organization = {The organization},
  publisher    = {The name of the publisher},
  note         = {An optional note}
}

@techreport{techreport,
  author       = {Peter Lambert}, 
  title        = {The title of the work},
  institution  = {The institution that published},
  year         = 1993,
  number       = 2,
  address      = {The address of the publisher},
  month        = 7,
  note         = {An optional note}
}

@unpublished{unpublished,
  author       = {Peter Marcheford}, 
  title        = {The title of the work},
  note         = {An optional note},
  month        = 7,
  year         = 1993
}
